<bibtex>



@inproceedings{MyCBR,
  title={Rapid prototyping of CBR applications with the open source tool myCBR},
  author={Stahl, Armin and Roth-Berghofer, Thomas R},
  booktitle={European Conference on Case-Based Reasoning},
  pages={615--629},
  year={2008},
  organization={Springer}
}

@inproceedings{bramucci2012sherpa,
  title={Sherpa: increasing student success with a recommendation engine},
  author={Bramucci, Robert and Gaston, Jim},
  booktitle={Proceedings of the 2nd International Conference on Learning Analytics and Knowledge},
  pages={82--83},
  year={2012},
  organization={ACM}
}

@article{mazzarol2002push,
  title={“Push-pull” factors influencing international student destination choice},
  author={Mazzarol, Tim and Soutar, Geoffrey N},
  journal={International Journal of Educational Management},
  volume={16},
  number={2},
  pages={82--90},
  year={2002},
  publisher={MCB UP Ltd}
}

@book{oates2005researching,
  title={Researching information systems and computing},
  author={Oates, Briony J},
  year={2005},
  publisher={Sage}
}

@inproceedings{roushan2014university,
  title={University course advising: Overcoming the challenges using decision support system},
  author={Roushan, Tanvir and Chaki, Dipankar and Hasdak, Onishim and Chowdhury, Md Syeed and Rasel, Annajiat Alim and Rahman, M Abdur and Arif, Hossain},
  booktitle={Computer and Information Technology (ICCIT), 2013 16th International Conference on},
  pages={13--18},
  year={2014},
  organization={IEEE}
}

@book{vialardi2009recommendation,
  title={Recommendation in higher education using data mining techniques},
  author={Vialardi, C{\'e}sar and Bravo Agapito, Javier and Shafti, Leila Shila and Ortigosa, Alvaro},
  year={2009},
  publisher={Barnes, T., Desmarais, M., Romero, C., \& Ventura, S.}
}

@article{williams2005exploring,
  title={Exploring the impact of study abroad on students’ intercultural communication skills: Adaptability and sensitivity},
  author={Williams, Tracy Rundstrom},
  journal={Journal of studies in international education},
  volume={9},
  number={4},
  pages={356--371},
  year={2005},
  publisher={Sage Publications}
}

@article{mulyana2015case,
  title={Case-Based Reasoning for Selecting Study Program in Senior High School},
  author={Mulyana, Sri and Hartati, Sri and Wardoyo, Retantyo and Winarko, Edi},
  journal={INTERNATIONAL JOURNAL OF ADVANCED COMPUTER SCIENCE AND APPLICATIONS},
  volume={6},
  number={4},
  pages={136--140},
  year={2015},
  publisher={SCIENCE \& INFORMATION SAI ORGANIZATION LTD 183-02 HILL SIDE AVE, JAMAICA, NY 11423 USA}
}

@inproceedings{quijano2011happy,
  title={Happy movie: A group recommender application in facebook},
  author={Quijano-S{\'a}nchez, Lara and Recio-Garc{\'\i}a, Juan A and D{\'\i}az-Agudo, Bel{\'e}n and Jim{\'e}nez-D{\'\i}az, Guillermo},
  booktitle={24th International Florida Artificial Intelligence Research Society Conference, FLAIRS},
  pages={127--134},
  year={2011}
}

@article{aamodt1994case,
  title={Case-based reasoning: Foundational issues, methodological variations, and system approaches},
  author={Aamodt, Agnar and Plaza, Enric},
  journal={AI communications},
  volume={7},
  number={1},
  pages={39--59},
  year={1994},
  publisher={IOS press}
}


</bibtex>